[gd_scene load_steps=27 format=2]

[ext_resource path="res://addons/nframework/assets/fonts/managore/m5x7_16.tres" type="DynamicFont" id=1]
[ext_resource path="res://addons/nframework/assets/fonts/saint11/minimal_4_16.tres" type="DynamicFont" id=2]
[ext_resource path="res://addons/nframework/assets/fonts/04b_03_8.tres" type="DynamicFont" id=3]
[ext_resource path="res://addons/nframework/assets/fonts/aseprite_font_16.tres" type="DynamicFont" id=4]
[ext_resource path="res://addons/nframework/assets/fonts/gravity/gravity_bold_8.tres" type="DynamicFont" id=5]
[ext_resource path="res://addons/nframework/assets/fonts/pico_8_6.tres" type="DynamicFont" id=6]
[ext_resource path="res://addons/nframework/assets/fonts/kenney/kenney_pixel_16.tres" type="DynamicFont" id=7]
[ext_resource path="res://addons/nframework/assets/fonts/kenney/kenney_future_narrow_8.tres" type="DynamicFont" id=8]
[ext_resource path="res://addons/nframework/assets/fonts/pixellocale_9.tres" type="DynamicFont" id=9]
[ext_resource path="res://addons/nframework/assets/fonts/kenney/kenney_future_8.tres" type="DynamicFont" id=10]
[ext_resource path="res://addons/nframework/assets/fonts/managore/m6x11_16.tres" type="DynamicFont" id=11]
[ext_resource path="res://addons/nframework/assets/fonts/kenney/kenney_mini_8.tres" type="DynamicFont" id=12]
[ext_resource path="res://addons/nframework/assets/fonts/saint11/minimal_5_16.tres" type="DynamicFont" id=13]
[ext_resource path="res://addons/nframework/assets/fonts/silver_19.tres" type="DynamicFont" id=14]
[ext_resource path="res://addons/nframework/assets/fonts/kenney/kenney_mini_square_8.tres" type="DynamicFont" id=15]
[ext_resource path="res://addons/nframework/assets/fonts/saint11/monocons_8.tres" type="DynamicFont" id=16]
[ext_resource path="res://addons/nframework/assets/fonts/kenney/kenney_pixel_square_8.tres" type="DynamicFont" id=17]
[ext_resource path="res://addons/nframework/assets/fonts/dogica/dogica_8.tres" type="DynamicFont" id=18]
[ext_resource path="res://addons/nframework/assets/fonts/monogram/monogram_16.tres" type="DynamicFont" id=19]
[ext_resource path="res://addons/nframework/assets/fonts/gravity/gravity_regular_5.tres" type="DynamicFont" id=20]
[ext_resource path="res://addons/nframework/assets/fonts/managore/m3x6_16.tres" type="DynamicFont" id=21]
[ext_resource path="res://addons/nframework/assets/fonts/dogica/dogica_pixel_8.tres" type="DynamicFont" id=22]
[ext_resource path="res://addons/nframework/assets/fonts/cg_pixel/cg_pixel_4x5_mono.tres" type="DynamicFont" id=23]
[ext_resource path="res://addons/nframework/assets/fonts/cg_pixel/cg_pixel_3x5_mono_5.tres" type="DynamicFont" id=24]
[ext_resource path="res://addons/nframework/assets/fonts/abaddon/abaddon_16.tres" type="DynamicFont" id=25]
[ext_resource path="res://addons/nframework/assets/fonts/abaddon/abaddon_bold_16.tres" type="DynamicFont" id=26]

[node name="FontTest" type="Control"]
anchor_right = 1.0
anchor_bottom = 1.0

[node name="VBoxContainer" type="VBoxContainer" parent="."]
margin_right = 40.0
margin_bottom = 40.0

[node name="3x4" type="HSeparator" parent="VBoxContainer"]
margin_right = 256.0
margin_bottom = 4.0

[node name="minimal 4" type="Label" parent="VBoxContainer"]
margin_top = 8.0
margin_right = 256.0
margin_bottom = 20.0
custom_fonts/font = ExtResource( 2 )
text = "(c) 2014-16 lexaloffle games llp"

[node name="3x5" type="HSeparator" parent="VBoxContainer"]
margin_top = 24.0
margin_right = 256.0
margin_bottom = 28.0

[node name="minimal 5" type="Label" parent="VBoxContainer"]
margin_top = 32.0
margin_right = 256.0
margin_bottom = 43.0
custom_fonts/font = ExtResource( 13 )
text = "(c) 2014-16 lexaloffle games llp"

[node name="cg pixel 3x5 mono" type="Label" parent="VBoxContainer"]
margin_top = 47.0
margin_right = 256.0
margin_bottom = 52.0
custom_fonts/font = ExtResource( 24 )
text = "(c) 2014-16 lexaloffle games llp"

[node name="pico8" type="Label" parent="VBoxContainer"]
margin_top = 56.0
margin_right = 256.0
margin_bottom = 62.0
custom_fonts/font = ExtResource( 6 )
text = "(c) 2014-16 lexaloffle games llp"

[node name="4x5" type="HSeparator" parent="VBoxContainer"]
margin_top = 66.0
margin_right = 256.0
margin_bottom = 70.0

[node name="04b_03" type="Label" parent="VBoxContainer"]
margin_top = 74.0
margin_right = 256.0
margin_bottom = 82.0
custom_fonts/font = ExtResource( 3 )
text = "(c) 2014-16 lexaloffle games llp"

[node name="kenney mini" type="Label" parent="VBoxContainer"]
margin_top = 86.0
margin_right = 256.0
margin_bottom = 96.0
custom_fonts/font = ExtResource( 12 )
text = "(c) 2014-16 lexaloffle games llp"

[node name="kenney mini square" type="Label" parent="VBoxContainer"]
margin_top = 100.0
margin_right = 256.0
margin_bottom = 110.0
custom_fonts/font = ExtResource( 15 )
text = "(c) 2014-16 lexaloffle games llp"

[node name="cg pixel 4x5 mono" type="Label" parent="VBoxContainer"]
margin_top = 114.0
margin_right = 256.0
margin_bottom = 119.0
custom_fonts/font = ExtResource( 23 )
text = "(c) 2014-16 lexaloffle games llp"

[node name="kenney future narrow" type="Label" parent="VBoxContainer"]
margin_top = 123.0
margin_right = 256.0
margin_bottom = 132.0
custom_fonts/font = ExtResource( 8 )
text = "(c) 2014-16 lexaloffle games llp"

[node name="5x5" type="HSeparator" parent="VBoxContainer"]
margin_top = 136.0
margin_right = 256.0
margin_bottom = 140.0

[node name="gravity regular" type="Label" parent="VBoxContainer"]
margin_top = 144.0
margin_right = 256.0
margin_bottom = 149.0
custom_fonts/font = ExtResource( 20 )
text = "(c) 2014-16 lexaloffle games llp"

[node name="kenney future" type="Label" parent="VBoxContainer"]
margin_top = 153.0
margin_right = 256.0
margin_bottom = 162.0
custom_fonts/font = ExtResource( 10 )
text = "(c) 2014-16 lexaloffle games llp"

[node name="3x6" type="HSeparator" parent="VBoxContainer"]
margin_top = 166.0
margin_right = 256.0
margin_bottom = 170.0

[node name="m3x6" type="Label" parent="VBoxContainer"]
margin_top = 174.0
margin_right = 256.0
margin_bottom = 187.0
custom_fonts/font = ExtResource( 21 )
text = "(c) 2014-16 lexaloffle games llp"

[node name="4x6" type="HSeparator" parent="VBoxContainer"]
margin_top = 191.0
margin_right = 256.0
margin_bottom = 195.0

[node name="aseprite" type="Label" parent="VBoxContainer"]
margin_top = 199.0
margin_right = 256.0
margin_bottom = 211.0
custom_fonts/font = ExtResource( 4 )
text = "(c) 2014-16 lexaloffle games llp"

[node name="5x7" type="HSeparator" parent="VBoxContainer"]
margin_top = 215.0
margin_right = 256.0
margin_bottom = 219.0

[node name="pixellocale" type="Label" parent="VBoxContainer"]
margin_top = 223.0
margin_right = 256.0
margin_bottom = 242.0
custom_fonts/font = ExtResource( 9 )
text = "(c) 2014-16 lexaloffle games llp"

[node name="kenney pixel" type="Label" parent="VBoxContainer"]
margin_top = 246.0
margin_right = 256.0
margin_bottom = 258.0
custom_fonts/font = ExtResource( 7 )
text = "(c) 2014-16 lexaloffle games llp"

[node name="kenney pixel square" type="Label" parent="VBoxContainer"]
margin_top = 262.0
margin_right = 256.0
margin_bottom = 274.0
custom_fonts/font = ExtResource( 17 )
text = "(c) 2014-16 lexaloffle games llp"

[node name="m5x7" type="Label" parent="VBoxContainer"]
margin_top = 278.0
margin_right = 256.0
margin_bottom = 289.0
custom_fonts/font = ExtResource( 1 )
text = "(c) 2014-16 lexaloffle games llp"

[node name="monogram" type="Label" parent="VBoxContainer"]
margin_top = 293.0
margin_right = 256.0
margin_bottom = 306.0
custom_fonts/font = ExtResource( 19 )
text = "(c) 2014-16 lexaloffle games llp"

[node name="dogica pixel" type="Label" parent="VBoxContainer"]
margin_top = 310.0
margin_right = 256.0
margin_bottom = 316.0
custom_fonts/font = ExtResource( 22 )
text = "(c) 2014-16 lexaloffle games llp"

[node name="monocons" type="Label" parent="VBoxContainer"]
margin_top = 320.0
margin_right = 256.0
margin_bottom = 328.0
custom_fonts/font = ExtResource( 16 )
text = "(c) 2014-16 lexaloffle games llp"

[node name="dogica" type="Label" parent="VBoxContainer"]
margin_top = 332.0
margin_right = 256.0
margin_bottom = 338.0
custom_fonts/font = ExtResource( 18 )
text = "(c) 2014-16 lexaloffle games llp"

[node name="5x8" type="HSeparator" parent="VBoxContainer"]
margin_top = 342.0
margin_right = 256.0
margin_bottom = 346.0

[node name="silver" type="Label" parent="VBoxContainer"]
margin_top = 350.0
margin_right = 256.0
margin_bottom = 371.0
custom_fonts/font = ExtResource( 14 )
text = "(c) 2014-16 lexaloffle games llp"

[node name="large" type="HSeparator" parent="VBoxContainer"]
margin_top = 375.0
margin_right = 256.0
margin_bottom = 379.0

[node name="m6x11" type="Label" parent="VBoxContainer"]
margin_top = 383.0
margin_right = 256.0
margin_bottom = 397.0
custom_fonts/font = ExtResource( 11 )
text = "(c) 2014-16 lexaloffle games llp"

[node name="gravity bold" type="Label" parent="VBoxContainer"]
margin_top = 401.0
margin_right = 256.0
margin_bottom = 409.0
custom_fonts/font = ExtResource( 5 )
text = "(c) 2014-16 lexaloffle games llp"

[node name="abaddon" type="Label" parent="VBoxContainer"]
margin_top = 413.0
margin_right = 256.0
margin_bottom = 431.0
custom_fonts/font = ExtResource( 25 )
text = "(c) 2014-16 lexaloffle games llp"

[node name="abaddon bold" type="Label" parent="VBoxContainer"]
margin_top = 435.0
margin_right = 256.0
margin_bottom = 453.0
custom_fonts/font = ExtResource( 26 )
text = "(c) 2014-16 lexaloffle games llp"
