[gd_scene load_steps=4 format=2]

[ext_resource path="res://addons/nframework/dock/resolution.gd" type="Script" id=1]
[ext_resource path="res://addons/nframework/ui/fold.tscn" type="PackedScene" id=2]
[ext_resource path="res://addons/nframework/ui/combo/label_value.tscn" type="PackedScene" id=3]

[node name="Resolution" type="VBoxContainer"]
margin_top = 18.0
margin_right = 640.0
margin_bottom = 92.0
script = ExtResource( 1 )

[node name="CurrentRes" type="HBoxContainer" parent="."]
margin_right = 640.0
margin_bottom = 20.0

[node name="ResValue" parent="CurrentRes" instance=ExtResource( 3 )]
margin_right = 159.0
margin_bottom = 20.0
label = "Main resolution"
value = "320x180"

[node name="Refresh" type="Button" parent="CurrentRes"]
margin_left = 163.0
margin_right = 220.0
margin_bottom = 20.0
text = "refresh"

[node name="HSeparator" type="HSeparator" parent="."]
margin_top = 24.0
margin_right = 640.0
margin_bottom = 28.0

[node name="TestRes" type="VBoxContainer" parent="."]
margin_top = 32.0
margin_right = 640.0
margin_bottom = 102.0

[node name="Label" type="Label" parent="TestRes"]
margin_right = 640.0
margin_bottom = 14.0
text = "Test resolution"
align = 1

[node name="HBoxContainer" type="HBoxContainer" parent="TestRes"]
margin_top = 18.0
margin_right = 640.0
margin_bottom = 38.0

[node name="ResValue" parent="TestRes/HBoxContainer" instance=ExtResource( 3 )]
margin_right = 163.0
margin_bottom = 20.0
label = "Test resolution"
value = "1280x720"

[node name="1to1" type="Button" parent="TestRes/HBoxContainer"]
margin_left = 167.0
margin_right = 199.0
margin_bottom = 20.0
text = "1:1"

[node name="Scale" type="HBoxContainer" parent="TestRes"]
margin_top = 42.0
margin_right = 640.0
margin_bottom = 66.0

[node name="Label" type="Label" parent="TestRes/Scale"]
margin_top = 5.0
margin_right = 33.0
margin_bottom = 19.0
text = "Scale"

[node name="ScaleInput" type="LineEdit" parent="TestRes/Scale"]
margin_left = 37.0
margin_right = 95.0
margin_bottom = 24.0
text = "1.0"

[node name="ApplyScale" type="Button" parent="TestRes/Scale"]
margin_left = 99.0
margin_right = 145.0
margin_bottom = 24.0
text = "apply"

[node name="VSeparator" type="VSeparator" parent="TestRes/Scale"]
margin_left = 149.0
margin_right = 153.0
margin_bottom = 24.0

[node name="3rd" type="Button" parent="TestRes/Scale"]
margin_left = 157.0
margin_right = 237.0
margin_bottom = 24.0
text = "1/3 screen"

[node name="4th" type="Button" parent="TestRes/Scale"]
margin_left = 241.0
margin_right = 274.0
margin_bottom = 24.0
text = "1/4"

[node name="HBoxContainerOld" type="HBoxContainer" parent="TestRes"]
margin_top = 70.0
margin_right = 640.0
margin_bottom = 70.0

[node name="Sync" type="CheckButton" parent="TestRes/HBoxContainerOld"]
visible = false
margin_right = 109.0
margin_bottom = 40.0
text = "sync"

[node name="ScaleValue" parent="TestRes/HBoxContainerOld" instance=ExtResource( 3 )]
visible = false
margin_left = 113.0
margin_right = 190.0
margin_bottom = 40.0
alignment = 2
label = "scale"
value = "0"

[node name="Label" parent="TestRes/HBoxContainerOld/ScaleValue" index="0"]
margin_top = 13.0
margin_right = 33.0
margin_bottom = 27.0
text = "scale"

[node name="Value" parent="TestRes/HBoxContainerOld/ScaleValue" index="2"]
margin_left = 37.0
margin_top = 13.0
margin_right = 77.0
margin_bottom = 27.0
rect_min_size = Vector2( 40, 0 )
text = "0"

[node name="ScaleSlider" type="HSlider" parent="TestRes/HBoxContainerOld"]
visible = false
margin_left = 194.0
margin_right = 640.0
margin_bottom = 16.0
rect_min_size = Vector2( 100, 0 )
size_flags_horizontal = 3
min_value = -2.0
max_value = 2.0
ticks_on_borders = true

[node name="HSeparator2" type="HSeparator" parent="."]
margin_top = 106.0
margin_right = 640.0
margin_bottom = 110.0

[node name="MainRes" type="VBoxContainer" parent="."]
margin_top = 114.0
margin_right = 640.0
margin_bottom = 188.0

[node name="Label" type="Label" parent="MainRes"]
margin_right = 640.0
margin_bottom = 14.0
text = "Main resolution"
align = 1

[node name="NewRes" type="HBoxContainer" parent="MainRes"]
margin_top = 18.0
margin_right = 640.0
margin_bottom = 38.0

[node name="Label" type="Label" parent="MainRes/NewRes"]
margin_top = 3.0
margin_right = 59.0
margin_bottom = 17.0
text = "Category:"

[node name="Category" type="OptionButton" parent="MainRes/NewRes"]
margin_left = 63.0
margin_right = 120.0
margin_bottom = 20.0
text = "16:9"
items = [ "16:9", null, false, 0, null, "16:10", null, false, 1, null, "3:2", null, false, 2, null, "retro", null, false, 3, null ]
selected = 0

[node name="Label2" type="Label" parent="MainRes/NewRes"]
margin_left = 124.0
margin_top = 3.0
margin_right = 196.0
margin_bottom = 17.0
text = "Resolution:"

[node name="ResolutionOptionButtonPlaceholder" type="MarginContainer" parent="MainRes/NewRes"]
visible = false
margin_left = 200.0
margin_right = 300.0
margin_bottom = 20.0

[node name="Resolutions" type="OptionButton" parent="MainRes/NewRes"]
margin_left = 200.0
margin_right = 284.0
margin_bottom = 20.0
text = "320x180"
items = [ "320x180", null, true, 0, null, "", null, false, -1, null, "1920x1080", null, false, 2, null, "1600x900", null, false, 3, null, "1366x768", null, false, 4, null, "1280x720", null, false, 5, null, "960x540", null, false, 6, null, "854x480", null, false, 7, null, "640x360", null, false, 8, null, "480x270", null, false, 9, null, "426x240", null, false, 10, null, "384x216", null, false, 11, null, "320x180", null, false, 12, null, "256x144", null, false, 13, null, "160x90", null, false, 14, null ]
selected = 0

[node name="MarginContainer" type="MarginContainer" parent="MainRes"]
margin_top = 42.0
margin_right = 640.0
margin_bottom = 74.0

[node name="Panel" type="Panel" parent="MainRes/MarginContainer"]
margin_right = 640.0
margin_bottom = 32.0

[node name="HBoxContainer" type="HBoxContainer" parent="MainRes/MarginContainer"]
margin_right = 640.0
margin_bottom = 32.0

[node name="Label" type="Label" parent="MainRes/MarginContainer/HBoxContainer"]
margin_top = 9.0
margin_right = 45.0
margin_bottom = 23.0
text = "Details"

[node name="VBoxContainer" type="VBoxContainer" parent="MainRes/MarginContainer/HBoxContainer"]
margin_left = 49.0
margin_right = 241.0
margin_bottom = 32.0

[node name="AspectRatio" parent="MainRes/MarginContainer/HBoxContainer/VBoxContainer" instance=ExtResource( 3 )]
margin_right = 192.0
label = "Aspect Ratio"
value = "16:9   (1.777778)"

[node name="Tiles" parent="MainRes/MarginContainer/HBoxContainer/VBoxContainer" instance=ExtResource( 3 )]
margin_top = 18.0
margin_right = 192.0
margin_bottom = 32.0
label = "Tiles (16px)"
value = "20 x 11.25"

[node name="AspectRatioInfo" parent="." instance=ExtResource( 2 )]
margin_top = 192.0
margin_bottom = 212.0
size_flags_horizontal = 0

[connection signal="pressed" from="CurrentRes/Refresh" to="." method="_on_Refresh_pressed"]
[connection signal="pressed" from="TestRes/HBoxContainer/1to1" to="." method="_on_1to1_pressed"]
[connection signal="text_entered" from="TestRes/Scale/ScaleInput" to="." method="_on_ScaleInput_text_entered"]
[connection signal="pressed" from="TestRes/Scale/ApplyScale" to="." method="_on_ApplyScale_pressed"]
[connection signal="pressed" from="TestRes/Scale/3rd" to="." method="_on_3rd_pressed"]
[connection signal="pressed" from="TestRes/Scale/4th" to="." method="_on_4th_pressed"]
[connection signal="toggled" from="TestRes/HBoxContainerOld/Sync" to="." method="_on_Sync_toggled"]
[connection signal="value_changed" from="TestRes/HBoxContainerOld/ScaleSlider" to="." method="_on_Scale_value_changed"]
[connection signal="item_selected" from="MainRes/NewRes/Category" to="." method="_on_Category_item_selected"]
[connection signal="item_selected" from="MainRes/NewRes/Resolutions" to="." method="_on_Resolutions_item_selected"]

[editable path="TestRes/HBoxContainerOld/ScaleValue"]
[editable path="AspectRatioInfo"]
