[gd_resource type="Theme" load_steps=24 format=2]

[ext_resource path="res://addons/nframework/assets/fonts/generic/NotoSans_16.tres" type="DynamicFont" id=1]
[ext_resource path="res://addons/nframework/assets/themes/button-focus-stylebox.tres" type="StyleBox" id=2]
[ext_resource path="res://addons/nframework/assets/themes/scroll-stylebox.tres" type="StyleBox" id=3]
[ext_resource path="res://addons/nframework/assets/themes/scroll-grabber-stylebox.tres" type="StyleBox" id=4]
[ext_resource path="res://addons/nframework/assets/themes/scroll-grabber-hl-stylebox.tres" type="StyleBox" id=5]
[ext_resource path="res://addons/nframework/assets/themes/button-hover-stylebox.tres" type="StyleBox" id=6]
[ext_resource path="res://addons/nframework/assets/themes/button-pressed-stylebox.tres" type="StyleBox" id=7]
[ext_resource path="res://addons/nframework/assets/themes/container-stylebox.tres" type="StyleBox" id=8]
[ext_resource path="res://addons/nframework/assets/themes/checkbutton-off.tres" type="Texture" id=9]
[ext_resource path="res://addons/nframework/assets/themes/checkbutton-focus.tres" type="Texture" id=10]
[ext_resource path="res://addons/nframework/assets/themes/checkbutton-on.tres" type="Texture" id=11]
[ext_resource path="res://addons/nframework/assets/themes/slider-grabber.tres" type="Texture" id=12]
[ext_resource path="res://addons/nframework/assets/themes/slider-grabber-hl.tres" type="Texture" id=13]
[ext_resource path="res://addons/nframework/assets/themes/button-disabled-stylebox.tres" type="StyleBox" id=14]

[sub_resource type="StyleBoxEmpty" id=1]

[sub_resource type="StyleBoxTexture" id=2]
texture = ExtResource( 10 )
region_rect = Rect2( 0, 0, 12, 12 )
margin_left = 2.0
margin_right = 2.0
margin_top = 2.0
margin_bottom = 2.0
expand_margin_left = 4.0
expand_margin_right = 4.0
expand_margin_top = 2.0
expand_margin_bottom = 2.0

[sub_resource type="StyleBoxEmpty" id=3]

[sub_resource type="StyleBoxEmpty" id=4]

[sub_resource type="StyleBoxEmpty" id=5]

[sub_resource type="StyleBoxEmpty" id=6]

[sub_resource type="StyleBoxEmpty" id=7]

[sub_resource type="StyleBoxEmpty" id=8]

[sub_resource type="StyleBoxFlat" id=9]
bg_color = Color( 0.133333, 0.133333, 0.133333, 1 )

[resource]
default_font = ExtResource( 1 )
Button/colors/font_color = Color( 0.88, 0.88, 0.88, 1 )
Button/colors/font_color_disabled = Color( 0.9, 0.9, 0.9, 0.2 )
Button/colors/font_color_hover = Color( 0.94, 0.94, 0.94, 1 )
Button/colors/font_color_pressed = Color( 1, 1, 1, 1 )
Button/constants/hseparation = 2
Button/fonts/font = null
Button/styles/disabled = ExtResource( 14 )
Button/styles/focus = ExtResource( 2 )
Button/styles/hover = ExtResource( 6 )
Button/styles/normal = ExtResource( 8 )
Button/styles/pressed = ExtResource( 7 )
CheckButton/colors/font_color = Color( 0.88, 0.88, 0.88, 1 )
CheckButton/colors/font_color_disabled = Color( 0.9, 0.9, 0.9, 0.2 )
CheckButton/colors/font_color_hover = Color( 0.94, 0.94, 0.94, 1 )
CheckButton/colors/font_color_hover_pressed = Color( 1, 1, 1, 1 )
CheckButton/colors/font_color_pressed = Color( 1, 1, 1, 1 )
CheckButton/constants/check_vadjust = 0
CheckButton/constants/hseparation = 4
CheckButton/fonts/font = null
CheckButton/icons/off = ExtResource( 9 )
CheckButton/icons/off_disabled = null
CheckButton/icons/on = ExtResource( 11 )
CheckButton/icons/on_disabled = null
CheckButton/styles/disabled = SubResource( 1 )
CheckButton/styles/focus = SubResource( 2 )
CheckButton/styles/hover = SubResource( 3 )
CheckButton/styles/hover_pressed = SubResource( 4 )
CheckButton/styles/normal = SubResource( 5 )
CheckButton/styles/pressed = SubResource( 6 )
HSlider/icons/grabber = ExtResource( 12 )
HSlider/icons/grabber_disabled = null
HSlider/icons/grabber_highlight = ExtResource( 13 )
HSlider/icons/tick = null
HSlider/styles/grabber_area = SubResource( 7 )
HSlider/styles/grabber_area_highlight = SubResource( 8 )
HSlider/styles/slider = ExtResource( 3 )
MarginContainer/constants/margin_bottom = 16
MarginContainer/constants/margin_left = 16
MarginContainer/constants/margin_right = 16
MarginContainer/constants/margin_top = 16
Panel/styles/panel = SubResource( 9 )
PanelContainer/styles/panel = ExtResource( 8 )
VBoxContainer/constants/separation = 16
VScrollBar/icons/decrement = null
VScrollBar/icons/decrement_highlight = null
VScrollBar/icons/increment = null
VScrollBar/icons/increment_highlight = null
VScrollBar/styles/grabber = ExtResource( 4 )
VScrollBar/styles/grabber_highlight = ExtResource( 5 )
VScrollBar/styles/grabber_pressed = ExtResource( 5 )
VScrollBar/styles/scroll = ExtResource( 3 )
VScrollBar/styles/scroll_focus = ExtResource( 3 )
